@article{mallat1993matching,
  title={Matching pursuits with time-frequency dictionaries},
  author={Mallat, St{\'e}phane G and Zhang, Zhifeng},
  journal={IEEE Transactions on signal processing},
  volume={41},
  number={12},
  pages={3397--3415},
  year={1993}
}
@inproceedings{cai2011orthogonal,
  title={Orthogonal matching pursuit for sparse signal recovery with noise},
  author={Cai, T Tony and Wang, Lie},
  year={2011},
  organization={Institute of Electrical and Electronics Engineers}
}